@inproceedings{mcdonald-etal-2011-multi,
    title = "Multi-source Transfer of Delexicalized Dependency Parsers",
    author = "McDonald, Ryan and Petrov, Slav and Hall, Keith",
    booktitle = "Proceedings of the 2011 Conference on Empirical Methods in Natural Language Processing",
    year = "2011",
    pages = "62--72",
}

@inproceedings{kondratyuk-straka-2019-75,
    title = "75 Languages, 1 Model: Parsing Universal Dependencies Universally",
    author = "Kondratyuk, Dan and Straka, Milan",
    booktitle = "Proceedings of the 2019 Conference on Empirical Methods in Natural Language Processing and the 9th International Joint Conference on Natural Language Processing",
    year = "2019",
    pages = "2779--2795",
}

@inproceedings{kummerfeld-etal-2012-parser,
    title = "Parser Showdown at the {W}all {S}treet Corral: An Empirical Investigation of Error Types in Parser Output",
    author = "Kummerfeld, Jonathan K. and Hall, David and Curran, James R. and Klein, Dan",
    booktitle = "Proceedings of the 2012 Joint Conference on Empirical Methods in Natural Language Processing and Computational Natural Language Learning",
    year = "2012",
    pages = "1048--1059",
}

@inproceedings{alonso-zeman-2016-dependency,
    title = "Dependency Parsing with Limited Training Data: A Study in Cross-Treebank Settings",
    author = "Alonso, Hector Martinez and Zeman, Daniel",
    booktitle = "Proceedings of the Tenth International Conference on Language Resources and Evaluation",
    year = "2016",
    pages = "73--79",
}

@inproceedings{maier-etal-2012-annotating,
    title = "Annotating Coordination in the {P}enn {T}reebank",
    author = "Maier, Wolfgang and Kübler, Sandra and Hinrichs, Erhard and Krivanek, Julia",
    booktitle = "Proceedings of the Sixth Linguistic Annotation Workshop",
    year = "2012",
    pages = "166--174",
}

@inproceedings{ficler-goldberg-2016-coordination,
    title = "Improved Parsing for Argument-Cluster Coordination",
    author = "Ficler, Jessica and Goldberg, Yoav",
    booktitle = "Proceedings of NAACL-HLT 2016",
    year = "2016",
    pages = "990--1000",
}

@article{haspelmath-2004-coordinating,
    title = "Coordinating Constructions: An Overview",
    author = "Haspelmath, Martin",
    journal = "Typological Studies in Language",
    volume = "58",
    year = "2004",
    pages = "3--39",
}

@inproceedings{eryigit-etal-2008-dependency,
    title = "Dependency Parsing of {T}urkish",
    author = "Eryiğit, Gülşen and Nivre, Joakim and Oflazer, Kemal",
    booktitle = "Computational Linguistics",
    volume = "34",
    number = "3",
    year = "2008",
    pages = "357--389",
}

@inproceedings{marton-etal-2013-dependency,
    title = "Dependency Parsing of {M}odern {S}tandard {A}rabic with Lexical and Inflectional Features",
    author = "Marton, Yuval and Habash, Nizar and Rambow, Owen",
    journal = "Computational Linguistics",
    volume = "39",
    number = "1",
    year = "2013",
    pages = "161--194",
}

@inproceedings{zhang-etal-2016-creating,
    title = "Creating a {C}hinese Dependency Treebank in Universal Dependencies",
    author = "Zhang, Meishan and Zhang, Yue and Che, Wanxiang and Liu, Ting",
    booktitle = "Proceedings of the 10th International Workshop on Treebanks and Linguistic Theories",
    year = "2016",
    pages = "201--210",
}

@article{nivre-2015-towards,
    title = "Towards a Universal Grammar for Natural Language Processing",
    author = "Nivre, Joakim",
    journal = "Computational Linguistics and Intelligent Text Processing",
    year = "2015",
    pages = "3--16",
}

@inproceedings{tackstrom-etal-2013-target,
    title = "Target Language Adaptation of Discriminative Transfer Parsers",
    author = "Täckström, Oscar and McDonald, Ryan and Nivre, Joakim",
    booktitle = "Proceedings of the 2013 Conference of the North American Chapter of the Association for Computational Linguistics: Human Language Technologies",
    year = "2013",
    pages = "1061--1071",
}

@inproceedings{qi-etal-2020-stanza,
    title = "Stanza: A Python Natural Language Processing Toolkit for Many Human Languages",
    author = "Qi, Peng and Zhang, Yuhao and Zhang, Yuhui and Bolton, Jason and Manning, Christopher D.",
    booktitle = "Proceedings of the 58th Annual Meeting of the Association for Computational Linguistics: System Demonstrations",
    year = "2020",
    pages = "101--108",
}